@misc{gonzalez2009digital,
	title={Digital image processing},
	author={Gonzalez, Rafael C and Woods, Richard E and Masters, Barry R},
	year={2009},
	publisher={Society of Photo-Optical Instrumentation Engineers}
}

@article{jahne2005applications,
	title={Applications and tools},
	author={J{\"a}hne, Bernd},
	journal={Digital Image Processing},
	pages={3--29},
	year={2005},
	publisher={Springer}
}

@book{paris2009bilateral,
	title={Bilateral filtering: Theory and applications},
	author={Paris, Sylvain and Kornprobst, Pierre and Tumblin, Jack and Durand, Fr{\'e}do},
	year={2009},
	publisher={Now Publishers Inc}
}

@inproceedings{tomasi1998bilateral,
	title={Bilateral filtering for gray and color images},
	author={Tomasi, Carlo and Manduchi, Roberto},
	booktitle={Sixth international conference on computer vision (IEEE Cat. No. 98CH36271)},
	pages={839--846},
	year={1998},
	organization={IEEE}
}

@inproceedings{viola2001rapid,
	title={Rapid object detection using a boosted cascade of simple features},
	author={Viola, Paul and Jones, Michael},
	booktitle={Proceedings of the 2001 IEEE computer society conference on computer vision and pattern recognition. CVPR 2001},
	volume={1},
	pages={I--I},
	year={2001},
	organization={Ieee}
}

@article{young1995recursive,
	title={Recursive implementation of the Gaussian filter},
	author={Young, Ian T and Van Vliet, Lucas J},
	journal={Signal processing},
	volume={44},
	number={2},
	pages={139--151},
	year={1995},
	publisher={Elsevier}
}
